% Encoding: UTF-8

@inbook{Miettinen2016,
	address = {New York, NY},
	author = {Miettinen, Kaisa and Hakanen, Jussi and Podkopaev, Dmitry},
	editor = {Greco, Salvatore and Ehrgott, Matthias and Figueira, Jos{\'e} Rui},
	pages = {927--976},
	publisher = {Springer New York},
	title = {Interactive nonlinear multiobjective optimization methods},
	year = {2016}}

@book{miettinen2012nonlinear,
  title={Nonlinear multiobjective optimization},
  author={Miettinen, Kaisa},
  volume={12},
  year={2012},
  publisher={Springer Science \& Business Media}
}
@book{sawaragi1985theory,
  title={Theory of multiobjective optimization},
  author={Sawaragi, Yoshikazu and Nakayama, Hirotaka and Tanino, Tetsuzo},
  year={1985},
  publisher={Elsevier}
}
@book{kulkarni2016,
  title={Modeling and analysis of stochastic systems},
  author={Vidyadhar G. Kulkarni},
  year={2016},
  edition = {3},
  publisher={Chapman and Hall/CRC}
}
@article{10002015global,
  title={A global reference for human genetic variation},
  author={1000 Genomes Project Consortium and others},
  journal={Nature},
  volume={526},
  number={7571},
  pages={68},
  year={2015},
  publisher={Nature Publishing Group}
}
@article{willcox2022mining,
  title={Mining alleles for tar spot complex resistance from CIMMYT's maize Germplasm Bank},
  author={Willcox, Martha C and Burgue{\~n}o, Juan A and Jeffers, Daniel and Rodriguez-Chanona, Enrique and Guadarrama-Espinoza, Armando and Kehel, Zakaria and Chepetla, Daniel and Shrestha, Rosemary and Swarts, Kelly and Buckler, Edward S and Hearne, Sarah and Chen, Charles},
  journal={Frontiers in Sustainable Food Systems},
  pages={297},
  year={2022},
  publisher={Frontiers}
}
@article{stapley2017variation,
  title={Variation in recombination frequency and distribution across eukaryotes: patterns and processes},
  author={Stapley, Jessica and Feulner, Philine GD and Johnston, Susan E and Santure, Anna W and Smadja, Carole M},
  journal={Philosophical Transactions of the Royal Society B: Biological Sciences},
  volume={372},
  number={1736},
  pages={20160455},
  year={2017},
  publisher={The Royal Society}
}
@article{nachman2002variation,
  title={Variation in recombination rate across the genome: evidence and implications},
  author={Nachman, Michael W},
  journal={Current opinion in genetics \& development},
  volume={12},
  number={6},
  pages={657--663},
  year={2002},
  publisher={Elsevier}
}
@article{dreissig2019variation,
  title={Variation in recombination rate is shaped by domestication and environmental conditions in barley},
  author={Dreissig, Steven and Mascher, Martin and Heckmann, Stefan},
  journal={Molecular biology and evolution},
  volume={36},
  number={9},
  pages={2029--2039},
  year={2019},
  publisher={Oxford University Press}
}
@article{jabbari2019common,
  title={A common genomic code for chromatin architecture and recombination landscape},
  author={Jabbari, Kamel and Wirtz, Johannes and Rauscher, Martina and Wiehe, Thomas},
  journal={PLoS One},
  volume={14},
  number={3},
  pages={e0213278},
  year={2019},
  publisher={Public Library of Science San Francisco, CA USA}
}
@article{allaire1980mate,
  title={Mate selection by selection index theory},
  author={Allaire, FR},
  journal={Theoretical and Applied Genetics},
  volume={57},
  number={6},
  pages={267--272},
  year={1980},
  publisher={Springer}
}

@article{10002015global,
  title={A global reference for human genetic variation},
  author={1000 Genomes Project Consortium and others},
  journal={Nature},
  volume={526},
  number={7571},
  pages={68},
  year={2015},
  publisher={Nature Publishing Group}
}
@article{kinghorn2011algorithm,
  title={An algorithm for efficient constrained mate selection},
  author={Kinghorn, Brian P},
  journal={Genetics Selection Evolution},
  volume={43},
  number={1},
  pages={1--9},
  year={2011},
  publisher={BioMed Central}
}
@article{kinghorn199919,
  title={Mate selection for the tactical implementation of breeding programs},
  author={Kinghorn, B. P. and Shepherd, R. K.},
  journal={Proceedings of the Association for the Advancement of Animal Breeding and Genetics},
  volume={13},
  pages={130--133},
  year={1999}
}
@article{sharma2020effect,
  title={Effect of wheat grain protein composition on end-use quality},
  author={Sharma, Ambika and Garg, Sheenu and Sheikh, Imran and Vyas, Pritesh and Dhaliwal, HS},
  journal={Journal of Food Science and Technology},
  volume={57},
  number={8},
  pages={2771--2785},
  year={2020},
  publisher={Springer}
}
@article{sun2013mating,
  title={Mating programs including genomic relationships and dominance effects},
  author={Sun, Chuanyu and VanRaden, PM and Oâ€™Connell, JR and Weigel, KA and Gianola, Daniel},
  journal={Journal of Dairy Science},
  volume={96},
  number={12},
  pages={8014--8023},
  year={2013},
  publisher={Elsevier}
}
@book{bernardo2002breeding,
  title={Breeding for quantitative traits in plants},
  author={Bernardo, Rex},
  volume={1},
  year={2002},
  publisher={Stemma press Woodbury}
}
@article{simmonds1995relation,
  title={The relation between yield and protein in cereal grain},
  author={Simmonds, Norman W},
  journal={Journal of the Science of Food and Agriculture},
  volume={67},
  number={3},
  pages={309--315},
  year={1995},
  publisher={Wiley Online Library}
}
@article{Breseghello2013,
author = {Breseghello, Flavio and Coelho, Alexandre Siqueira Guedes},
title = {Traditional and modern plant breeding methods with examples in rice (Oryza sativa L.)},
journal = {Journal of Agricultural and Food Chemistry},
volume = {61},
number = {35},
pages = {8277-8286},
year = {2013},
doi = {10.1021/jf305531j},
}
@article{akdemir2016efficient,
  title={Efficient breeding by genomic mating},
  author={Akdemir, Deniz and S{\'a}nchez, Julio I},
  journal={Frontiers in Genetics},
  volume={7},
  pages={210},
  year={2016},
  publisher={Frontiers}
}
@article{akdemir2019multi,
  title={Multi-objective optimized genomic breeding strategies for sustainable food improvement},
  author={Akdemir, Deniz and Beavis, William and Fritsche-Neto, Roberto and Singh, Asheesh K and Isidro-S{\'a}nchez, Julio},
  journal={Heredity},
  volume={122},
  number={5},
  pages={672--683},
  year={2019},
  publisher={Nature Publishing Group}
}
@article{jansen1985selecting,
  title={Selecting mating pairs with linear programming techniques},
  author={Jansen, GB and Wilton, JW},
  journal={Journal of Dairy Science},
  volume={68},
  number={5},
  pages={1302--1305},
  year={1985},
  publisher={Elsevier}
}

@article{kinghorn1998mate,
  title={Mate selection by groups},
  author={Kinghorn, Brian P},
  journal={Journal of Dairy Science},
  volume={81},
  pages={55--63},
  year={1998},
  publisher={Elsevier}
}

@article{bernardo2006usefulness,
  title={Usefulness of gene information in marker-assisted recurrent selection: A simulation appraisal},
  author={Bernardo, Rex and Charcosset, Alain},
  journal={Crop Science},
  volume={46},
  number={2},
  pages={614--621},
  year={2006},
  publisher={Wiley Online Library}
}

@article{hospital1997marker,
  title={Marker-assisted introgression of quantitative trait loci},
  author={Hospital, Fr{\'e}d{\'e}ric and Charcosset, Alain},
  journal={Genetics},
  volume={147},
  number={3},
  pages={1469--1485},
  year={1997},
  publisher={Oxford University Press}
}

@article{lande1990efficiency,
  title={Efficiency of marker-assisted selection in the improvement of quantitative traits.},
  author={Lande, Russell and Thompson, Robin},
  journal={Genetics},
  volume={124},
  number={3},
  pages={743--756},
  year={1990},
  publisher={Oxford University Press}
}

@article{gianola1986bayesian,
  title={Bayesian methods in animal breeding theory},
  author={Gianola, Daniel and Fernando, Rohan L},
  journal={Journal of Animal Science},
  volume={63},
  number={1},
  pages={217--244},
  year={1986},
  publisher={Oxford University Press}
}

@article{henderson1984applications,
  title={Applications of linear models in animal breeding (University of Guelph, Guelph, ON, Canada)},
  author={Henderson, CR},
  journal={Applications of Linear Models in Animal Breeding. University of Guelph, Guelph, ON, Canada},
  year={1984}
}

@article{witcombe2013plant,
  title={Plant breeding can be made more efficient by having fewer, better crosses},
  author={Witcombe, John R and Gyawali, Sanjaya and Subedi, Madhu and Virk, Daljit S and Joshi, Krishna D},
  journal={BMC plant biology},
  volume={13},
  number={1},
  pages={1--12},
  year={2013},
  publisher={Springer}
}

@article{johnson1988model,
  title={A model for determining weights of traits in simultaneous multitrait selection},
  author={Johnson, Blaine E and Dauer, Jerald P and Gardner, Charles O},
  journal={Applied Mathematical Modelling},
  volume={12},
  number={6},
  pages={556--564},
  year={1988},
  publisher={Elsevier}
}
@article{forutan2018inbreeding,
  title={Inbreeding and runs of homozygosity before and after genomic selection in North American Holstein cattle},
  author={Forutan, Mehrnush and Ansari Mahyari, Saeid and Baes, Christine and Melzer, Nina and Schenkel, Flavio Schramm and Sargolzaei, Mehdi},
  journal={BMC genomics},
  volume={19},
  number={1},
  pages={1--12},
  year={2018},
  publisher={Springer}
}
@article{lenz2020genomic,
  title={Genomic prediction for hastening and improving efficiency of forward selection in conifer polycross mating designs: an example from white spruce},
  author={Lenz, Patrick and Nadeau, Simon and Azaiez, A{\"\i}da and G{\'e}rardi, S{\'e}bastien and Deslauriers, Marie and Perron, Martin and Isabel, Nathalie and Beaulieu, Jean and Bousquet, Jean},
  journal={Heredity},
  volume={124},
  number={4},
  pages={562--578},
  year={2020},
  publisher={Nature Publishing Group}
}
@article{nakoonctextordmasculine1976multiple,
  title={A multiple-index selection strategy"},
  author={Namkoong, Gene},
  journal={Silvae Genetica},
  volume={25},
  pages={5--6},
  year={1976}
}
@techreport{zobel1984applied,
  title={Applied forest tree improvement},
  author={Zobel, Bruce and Talbert, John},
  year={1984},
  institution={Wiley New York}
}

@book{white2007forest,
  title={Forest genetics},
  author={White, Timothy L and Adams, Wesley Thomas and Neale, David B},
  year={2007},
  publisher={Cabi}
}
@article{williams1996inbreeding,
  title={Inbreeding depression in conifers: implications for breeding strategy},
  author={Williams, Claire G and Savolainen, Outi},
  journal={Forest Science},
  volume={42},
  number={1},
  pages={102--117},
  year={1996},
  publisher={Oxford University Press}
}
@article{kumar2007testing,
  title={Testing for unequal paternal contributions using nuclear and chloroplast SSR markers in polycross families of radiata pine},
  author={Kumar, Satish and Gerber, Sophie and Richardson, TE and Gea, Luis},
  journal={Tree Genetics \& Genomes},
  volume={3},
  number={3},
  pages={207--214},
  year={2007},
  publisher={Springer}
}

@article{doekes2018trends,
  title={Trends in genome-wide and region-specific genetic diversity in the Dutch-Flemish Holstein--Friesian breeding program from 1986 to 2015},
  author={Doekes, Harmen P and Veerkamp, Roel F and Bijma, Piter and Hiemstra, Sipke J and Windig, Jack J},
  journal={Genetics Selection Evolution},
  volume={50},
  number={1},
  pages={1--16},
  year={2018},
  publisher={BioMed Central}
}
@article{berry2014genetics,
  title={Genetics of reproductive performance in seasonal calving beef cows and its association with performance traits},
  author={Berry, Donagh P and Evans, RD},
  journal={Journal of Animal Science},
  volume={92},
  number={4},
  pages={1412--1422},
  year={2014},
  publisher={Oxford University Press}
}
@article{mwansa2002multiple,
  title={Multiple trait selection for maternal productivity in beef cattle},
  author={Mwansa, PB and Crews Jr, DH and Wilton, JW and Kemp, RA},
  journal={Journal of Animal Breeding and Genetics},
  volume={119},
  number={6},
  pages={391--399},
  year={2002},
  publisher={Wiley Online Library}
}

@article{bassi2016breeding,
  title={Breeding schemes for the implementation of genomic selection in wheat (Triticum spp.)},
  author={Bassi, Filippo M and Bentley, Alison R and Charmet, Gilles and Ortiz, Rodomiro and Crossa, Jose},
  journal={Plant Science},
  volume={242},
  pages={23--36},
  year={2016},
  publisher={Elsevier}
}
@article{snelling2019genetic,
  title={Genetic correlations among weight and cumulative productivity of crossbred beef cows},
  author={Snelling, Warren M and Kuehn, Larry A and Thallman, R Mark and Bennett, Gary L and Golden, Bruce L},
  journal={Journal of Animal Science},
  volume={97},
  number={1},
  pages={63--77},
  year={2019},
  publisher={Oxford University Press US}
}
@book{lynch1998genetics,
  title={Genetics and analysis of quantitative traits},
  author={Lynch, Michael and Walsh, Bruce},
  year={1998},
  publisher={Sinauer Sunderland, MA}
}
@article{hazel1994selection,
  title={The selection indexâ€”then, now, and for the future},
  author={Hazel, LN and Dickerson, GE and Freeman, AE},
  journal={Journal of Dairy Science},
  volume={77},
  number={10},
  pages={3236--3251},
  year={1994},
  publisher={Elsevier}
}
@article{neyhart2019multi,
  title={Multi-trait improvement by predicting genetic correlations in breeding crosses},
  author={Neyhart, Jeffrey L and Lorenz, Aaron J and Smith, Kevin P},
  journal={G3: Genes, Genomes, Genetics},
  volume={9},
  number={10},
  pages={3153--3165},
  year={2019},
  publisher={Oxford University Press}
}
@article{hazel1942efficiency,
  title={The efficiency of three methods of selection},
  author={Hazel, LN and Lush, Jay L},
  journal={Journal of Heredity},
  volume={33},
  number={11},
  pages={393--399},
  year={1942},
  publisher={Oxford University Press}
}
@book{kellicott2020social,
  title={The social direction of human evolution},
  author={Kellicott, William E},
  year={2020},
  publisher={BoD--Books on Demand}
}
@article{scott2021limited,
  title={Limited haplotype diversity underlies polygenic trait architecture across 70 years of wheat breeding},
  author={Scott, Michael F and Fradgley, Nick and Bentley, Alison R and Brabbs, Thomas and Corke, Fiona and Gardner, Keith A and Horsnell, Richard and Howell, Phil and Ladejobi, Olufunmilayo and Mackay, Ian J and others},
  journal={Genome Biology},
  volume={22},
  number={1},
  pages={1--30},
  year={2021},
  publisher={BioMed Central}
}

@article{hayes2001prediction,
  title={Prediction of total genetic value using genome-wide dense marker maps},
  author={Meuwissen, Theo HE and Hayes, Ben J and Goddard, Michael E},
  journal={Genetics},
  volume={157},
  number={4},
  pages={1819--1829},
  year={2001},
  publisher={Genetics Soc America}
}
@article{kusmec2021interdisciplinary,
  title={Interdisciplinary strategies to enable data-driven plant breeding in a changing climate},
  author={Kusmec, Aaron and Zheng, Zihao and Archontoulis, Sotirios and Ganapathysubramanian, Baskar and Hu, Guiping and Wang, Lizhi and Yu, Jianming and Schnable, Patrick S},
  journal={One Earth},
  volume={4},
  number={3},
  pages={372--383},
  year={2021},
  publisher={Elsevier}
}
@article{beans2020inner,
  title={Inner Workings: Crop researchers harness artificial intelligence to breed crops for the changing climate},
  author={Beans, Carolyn},
  journal={Proceedings of the National Academy of Sciences},
  volume={117},
  number={44},
  pages={27066--27069},
  year={2020},
  publisher={National Acad Sciences}
}
@article{rincent2017predicting,
  title={Predicting genomic selection efficiency to optimize calibration set and to assess prediction accuracy in highly structured populations},
  author={Rincent, Renaud and Charcosset, Alain and Moreau, Laurence},
  journal={Theoretical and Applied Genetics},
  volume={130},
  number={11},
  pages={2231--2247},
  year={2017},
  publisher={Springer}
}
@article{meuwissen2001prediction,
  title={Prediction of total genetic value using genome-wide dense marker maps},
  author={Meuwissen, Theo HE and Hayes, Ben J and Goddard, ME1461589},
  journal={Genetics},
  volume={157},
  number={4},
  pages={1819--1829},
  year={2001},
  publisher={Oxford University Press}
}
@article{daetwyler2015selection,
  title={Selection on optimal haploid value increases genetic gain and preserves more genetic diversity relative to genomic selection},
  author={Daetwyler, Hans D and Hayden, Matthew J and Spangenberg, German C and Hayes, Ben J},
  journal={Genetics},
  volume={200},
  number={4},
  pages={1341--1348},
  year={2015},
  publisher={Genetics Soc America}
}
@article{lambeth2001polymix,
  title={Polymix breeding with parental analysis of progeny: an alternative to full-sib breeding and testing},
  author={Lambeth, C and Lee, B-C and Oâ€™Malley, D and Wheeler, N},
  journal={Theoretical and Applied Genetics},
  volume={103},
  number={6},
  pages={930--943},
  year={2001},
  publisher={Springer}
}
@article{han2017predicted,
  title={The predicted cross value for genetic introgression of multiple alleles},
  author={Han, Ye and Cameron, John N and Wang, Lizhi and Beavis, William D},
  journal={Genetics},
  volume={205},
  number={4},
  pages={1409--1423},
  year={2017},
  publisher={Genetics Soc America}
}
@article{frandsen1940some,
  title={Some breeding experiments with timothy},
  author={Frandsen, HN},
  journal={Imp. Bur. Joint Publ},
  volume={30},
  pages={80--92},
  year={1940}
}
@article{scott2020multi,
  title={Multi-parent populations in crops: a toolbox integrating genomics and genetic mapping with breeding},
  author={Scott, Michael F and Ladejobi, Olufunmilayo and Amer, Samer and Bentley, Alison R and Biernaskie, Jay and Boden, Scott A and Clark, Matt and Dellâ€™Acqua, Matteo and Dixon, Laura E and Filippi, Carla V and others},
  journal={Heredity},
  volume={125},
  number={6},
  pages={396--416},
  year={2020},
  publisher={Nature Publishing Group}
}
@article{riley1958genetic,
  title={Genetic control of the cytologically diploid behaviour of hexaploid wheat},
  author={Riley, Ralph and Chapman, Victor},
  journal={Nature},
  volume={182},
  number={4637},
  pages={713--715},
  year={1958},
  publisher={Nature Publishing Group}
}
@article{cameron2017systematic,
  title={Systematic design for trait introgression projects},
  author={Cameron, John N and Han, Ye and Wang, Lizhi and Beavis, William D},
  journal={Theoretical and Applied Genetics},
  volume={130},
  number={10},
  pages={1993--2004},
  year={2017},
  publisher={Springer}
}
@article{donald1968breeding,
  title={The breeding of crop ideotypes},
  author={Donald, CM T},
  journal={Euphytica},
  volume={17},
  number={3},
  pages={385--403},
  year={1968},
  publisher={Springer}
}
@article{visscher1996marker,
  title={Marker-assisted introgression in backcross breeding programs},
  author={Visscher, Peter M and Haley, Chris S and Thompson, Robin},
  journal={Genetics},
  volume={144},
  number={4},
  pages={1923--1932},
  year={1996},
  publisher={Genetics Soc America}
}

@article{frisch2005selection,
  title={Selection theory for marker-assisted backcrossing},
  author={Frisch, Matthias and Melchinger, Albrecht E},
  journal={Genetics},
  volume={170},
  number={2},
  pages={909--917},
  year={2005},
  publisher={Genetics Soc America}

}
@article{bernardo2009genomewide,
  title={Genomewide selection for rapid introgression of exotic germplasm in maize},
  author={Bernardo, Rex},
  journal={Crop Science},
  volume={49},
  number={2},
  pages={419--425},
  year={2009},
  publisher={Wiley Online Library}
}
@article{gorjanc2016initiating,
  title={Initiating maize pre-breeding programs using genomic selection to harness polygenic variation from landrace populations},
  author={Gorjanc, Gregor and Jenko, Janez and Hearne, Sarah J and Hickey, John M},
  journal={BMC genomics},
  volume={17},
  number={1},
  pages={1--15},
  year={2016},
  publisher={BioMed Central}
}
@article{servin2004toward,
  title={Toward a theory of marker-assisted gene pyramiding},
  author={Servin, Bertrand and Martin, Olivier C and M{\'e}zard, Marc and others},
  journal={Genetics},
  volume={168},
  number={1},
  pages={513--523},
  year={2004},
  publisher={Genetics Soc America}
}
@inproceedings{canzar2011mathematical,
  title={A mathematical programming approach to marker-assisted gene pyramiding},
  author={Canzar, Stefan and El-Kebir, Mohammed},
  booktitle={International Workshop on Algorithms in Bioinformatics},
  pages={26--38},
  year={2011},
  organization={Springer}
}
@article{xu2011optimization,
  title={An optimization approach to gene stacking},
  author={Xu, Pan and Wang, Lizhi and Beavis, William D},
  journal={European Journal of Operational Research},
  volume={214},
  number={1},
  pages={168--178},
  year={2011},
  publisher={Elsevier}
}
@article{de2015heuristic,
  title={Heuristic exploitation of genetic structure in marker-assisted gene pyramiding problems},
  author={Beukelaer, Herman De and Meyer, Geert De and Fack, Veerle},
  journal={BMC genetics},
  volume={16},
  number={1},
  pages={1--16},
  year={2015},
  publisher={BioMed Central}
}
@article{goddard2009genomic,
  title={Genomic selection: prediction of accuracy and maximisation of long term response},
  author={Goddard, Mike},
  journal={Genetica},
  volume={136},
  number={2},
  pages={245--257},
  year={2009},
  publisher={Springer}
}
@article{jannink2010dynamics,
  title={Dynamics of long-term genomic selection},
  author={Jannink, Jean-Luc},
  journal={Genetics Selection Evolution},
  volume={42},
  volume={42},
  number={1},
  pages={1--11},
  year={2010},
  publisher={BioMed Central}
}
@article{wang2018three,
  title={Three new approaches to genomic selection},
  author={Wang, Lizhi and Zhu, Guodong and Johnson, Will and Kher, Mriga},
  journal={Plant Breeding},
  volume={137},
  number={5},
  pages={673--681},
  year={2018},
  publisher={Wiley Online Library}
}
@article{goiffon2017improving,
  title={Improving response in genomic selection with a population-based selection strategy: optimal population value selection},
  author={Goiffon, Matthew and Kusmec, Aaron and Wang, Lizhi and Hu, Guiping and Schnable, Patrick S},
  journal={Genetics},
  volume={206},
  number={3},
  pages={1675--1682},
  year={2017},
  publisher={Genetics Soc America}
}

@article{bentley2022frontiers,
title={Editorial: genome wide association studies and genomic selection for crop improvement in the era of big data},
author={Bentley, Alison and Chen, Charles and Nunzio D'Agostino},
journal={Frontiers in Genetics},
year={2022},
publisher={Frontiers},
doi={10.3389/fgene.2022.873060}
}

@article{hayes2010genome,
  title={Genome-wide association and genomic selection in animal breeding},
  author={Hayes, Ben and Goddard, Mike},
  journal={Genome},
  volume={53},
  number={11},
  pages={876--883},
  year={2010}
}
@article{moeinizade2020multi,
  title={Multi-trait genomic selection methods for crop improvement},
  author={Moeinizade, Saba and Kusmec, Aaron and Hu, Guiping and Wang, Lizhi and Schnable, Patrick S},
  journal={Genetics},
  volume={215},
  number={4},
  pages={931--945},
  year={2020},
  publisher={Oxford University Press}
}
@article{villanueva1997optimization,
  title={Optimization of breeding programmes under index selection and constrained inbreeding},
  author={Villanueva, B and Woolliams, JA},
  journal={Genetics Research},
  volume={69},
  number={2},
  pages={145--158},
  year={1997},
  publisher={Cambridge University Press}
}
@article{jannink2000index,
  title={Index selection for weed suppressive ability in soybean},
  author={Jannink, J-L and Orf, JH and Jordan, NR and Shaw, RG},
  journal={Crop Science},
  volume={40},
  number={4},
  pages={1087--1094},
  year={2000},
  publisher={Wiley Online Library}
}

@article{woolliams2015genetic,
  title={Genetic contributions and their optimization},
  author={Woolliams, John A and Berg, Peer and Dagnachew, Binyam S and Meuwissen, Theo},
  journal={Journal of Animal Breeding and Genetics},
  volume={132},
  number={2},
  pages={89--99},
  year={2015},
  publisher={Wiley Online Library}
}
@book{hesser2006man,
  title={The man who fed the world: Nobel Peace Prize laureate Norman Borlaug and his battle to end world hunger: An authorized biography},
  author={Hesser, Leon F},
  year={2006},
  publisher={Leon Hesser}
}
@article{hayes2009invited,
  title={Invited review: genomic selection in dairy cattle: progress and challenges},
  author={Hayes, Ben J and Bowman, Phillip J and Chamberlain, Amanda J and Goddard, Michael E},
  journal={Journal of Dairy Science},
  volume={92},
  number={2},
  pages={433--443},
  year={2009},
  publisher={Elsevier}
}
@article{heffner2010plant,
  title={Plant breeding with genomic selection: gain per unit time and cost},
  author={Heffner, Elliot L and Lorenz, Aaron J and Jannink, Jean-Luc and Sorrells, Mark E},
  journal={Crop science},
  volume={50},
  number={5},
  pages={1681--1690},
  year={2010},
  publisher={Wiley Online Library}
}
@article{oldenbroek2015textbook,
  title={Textbook animal breeding and genetics for BSc students},
  author={Oldenbroek, Kor and van der Waaij, Liesbeth},
  journal={Centre for Genetic Resources The Netherlands and Animal Breeding and Genomics Centre},
  pages={245},
  year={2015}
}
@article{cassandro2020animal,
  title={Animal breeding and climate change, mitigation and adaptation},
  author={Cassandro, Martino},
  journal={Journal of Animal Breeding and Genetics},
  volume={137},
  number={2},
  pages={121--122},
  year={2020},
  publisher={Wiley Online Library}
}
@article{allier2019usefulness,
  title={Usefulness criterion and post-selection parental contributions in multi-parental crosses: application to polygenic trait introgression},
  author={Allier, Antoine and Moreau, Laurence and Charcosset, Alain and Teyss{\`e}dre, Simon and Lehermeier, Christina},
  journal={G3: Genes, Genomes, Genetics},
  volume={9},
  number={5},
  pages={1469--1479},
  year={2019},
  publisher={G3: Genes, Genomes, Genetics}
}

@article{schnell1975bericht,
  title={F1-Leistung und Elternwahl in der ZÃ¼chtung von Selbstbefruchtern},
  author={Schnell, Wolfgang and Utz, Friedrich},
  journal={Bericht Ã¼ber die Arbeitstagung der Vereinigung Ã¶sterreichischer PflanzenzÃ¼chter},
  year={1976}
}
@article{pixley2014seeds,
  title={Seeds of discovery: characterizing and utilizing maize genetic resources for germplasm diversification},
  author={Pixley, Kevin and Hearne, Sarah and Willcox, Martha and Chen, Charles and Burgue{\~n}o, Juan and Li, Huihui and Crossa, Jose and Salinas, Gilberto and Molnar, Terence and Wenzl, Peter},
  journal={Maize for Food, Feed, Nutrition and Environmental Security},
  pages={61},
  year={2014},
  publisher={Citeseer}
}
@article{ali2020modeling,
  title={Modeling and simulation of recurrent phenotypic and genomic selections in plant breeding under the presence of epistasis},
  author={Ali, Mohsin and Zhang, Luyan and DeLacy, Ian and Arief, Vivi and Dieters, Mark and Pfeiffer, Wolfgang H and Wang, Jiankang and Li, Huihui},
  journal={The Crop Journal},
  volume={8},
  number={5},
  pages={866--877},
  year={2020},
  publisher={Elsevier}
}

@article{vanraden2008efficient,
  title={Efficient methods to compute genomic predictions},
  author={VanRaden, Paul M},
  journal={Journal of Dairy Science},
  volume={91},
  number={11},
  pages={4414--4423},
  year={2008},
  publisher={Elsevier}
}

@misc{gurobi,
	author = {{Gurobi Optimization, LLC}},
	title = {{Gurobi optimizer reference manual}},
	year = 2020}

@article{endelman2011ridge,
  title={Ridge regression and other kernels for genomic selection with R package rrBLUP},
  author={Endelman, J.B.},
  journal={The Plant Genome},
  volume={4},
  number={3},
  year={2011},
  publisher={Wiley Online Library}
} %Jeffrey B